@article{blake2015consumer,
  title={Consumer heterogeneity and paid search effectiveness: A large-scale field experiment},
  author={Blake, Tom and Nosko, Chris and Tadelis, Steven},
  journal={Econometrica},
  volume={83},
  number={1},
  pages={155--174},
  year={2015}
}

@article{du2019advertising,
  title={Advertising and brand attitudes: Evidence from 575 brands over five years},
  author={Du, Rex Yuxing and Joo, Mingyu and Wilbur, Kenneth C},
  journal={Marketing Science},
  volume={38},
  number={6},
  pages={924--946},
  year={2019}
}

@unpublished{golden2019effects,
  title={The effects of search advertising on competitors: An experiment before a merger},
  author={Golden, Joseph M and Horton, John J},
  note={Working paper},
  year={2019}
}

@article{gordon2023comparison,
  title={A comparison of approaches to advertising measurement: Evidence from big field experiments at Facebook},
  author={Gordon, Brett R and Moakler, Robert and Zettelmeyer, Florian},
  journal={Marketing Science},
  volume={42},
  number={1},
  pages={1--21},
  year={2023}
}

@article{jensen1992television,
  title={Television advertising and beef demand: An econometric analysis of "split-cable" household panel scanner data},
  author={Jensen, Helen H and Schroeter, John R},
  journal={Canadian Journal of Agricultural Economics/Revue canadienne d'agroeconomie},
  volume={40},
  number={2},
  pages={271--294},
  year={1992}
}

@article{kireyev2016do,
  title={Do display ads influence search? Attribution and dynamics in online advertising},
  author={Kireyev, Pavel and Pauwels, Koen and Gupta, Sunil},
  journal={Journal of Marketing Research},
  volume={53},
  number={1},
  pages={1--18},
  year={2016}
}

@article{lewis2014online,
  title={Online ads and offline sales: Measuring the effect of retail advertising via a controlled experiment on {Yahoo!}},
  author={Lewis, Randall A and Reiley, David H},
  journal={Quantitative Marketing and Economics},
  volume={12},
  number={3},
  pages={235--266},
  year={2014}
}

@article{schmit2002identifying,
  title={Identifying the effects of generic advertising on the household demand for fluid milk and cheese: A two-step panel data approach},
  author={Schmit, Todd M and Dong, Diansheng and Chung, Chanjin and Kaiser, Harry M and Gould, Brian W},
  journal={Journal of Agricultural and Resource Economics},
  pages={165--186},
  year={2002},
  volume={27},
  number={1}
}

@article{shapiro2021tv,
  title={{TV} advertising effectiveness and profitability: Generalizable results from 288 brands},
  author={Shapiro, Bradley T and Hitsch, G{\"u}nter J and Tuchman, Anna E},
  journal={The Quarterly Journal of Economics},
  volume={136},
  number={4},
  pages={2577--2637},
  year={2021}
}